@techreport{webbnhtsa,
  title={Motor vehicle traffic crashes as a leading cause of death in the United States, 2015},
  author={Webb, Caitlin N.},
  year={2018},
  institution={Washington, DC: National Highway Traffic Safety Administration},
  number={DOT HS 812 499}
}
@online{umdcavdef,
  title={What are CV and AV?},
  note={Available at \url{http://attap.umd.edu/cvs-and-avs/what-are-cvs-and-avs/} [Accessed: 2018-3-7]},
  author={{UMD: ATTAP}}
}
