@book{kirkdover,
  title={Optimal control theory: an introduction},
  author={Kirk, Donald E},
  year={1998},
  publisher={Dover Publications}
}
