@book{kirkdover,
  title={Optimal control theory: an introduction},
  author={Kirk, Donald E},
  year={1998},
  publisher={Dover Publications}
}
@misc{ wiki:1,
  author = "Wikipedia contributors",
  title = "Optimal control --- Wikipedia{,} The Free Encyclopedia",
  year = "2018",
  url = "\url{https://en.wikipedia.org/w/index.php?title=Optimal_control&oldid=818422208}",
  note = "[Online; accessed 30-January-2018]"
}
